<?xml version="1.0" encoding="UTF-8"?><collection xmlns="http://www.loc.gov/MARC21/slim"><record><leader>00353nam--2200145-i-4500</leader><controlfield tag="001">000042165</controlfield><controlfield tag="002">20161230</controlfield><controlfield tag="005">20170221235513</controlfield><controlfield tag="008">060222s1000------------r-----000-0-eng-d</controlfield><datafield ind1=" " ind2=" " tag="245"><subfield code="a">Solid surfaces</subfield></datafield><datafield ind1=" " ind2=" " tag="260"><subfield code="a">Amsterdam</subfield><subfield code="b">North-Holland Publ.Co</subfield><subfield code="c">1964</subfield></datafield><datafield ind1=" " ind2=" " tag="300"><subfield code="a">IX + 577 p</subfield></datafield><datafield ind1=" " ind2=" " tag="700"><subfield code="a">Gatos, Harry C</subfield></datafield><datafield ind1=" " ind2=" " tag="852"><subfield code="a">20450</subfield></datafield><datafield ind1=" " ind2=" " tag="CAT"><subfield code="a">SYS</subfield><subfield code="c">20170221</subfield><subfield code="h">235513</subfield></datafield></record></collection>